<record xmlns="http://www.loc.gov/MARC21/slim">
  <leader>00760cam a22002051a 4500</leader>
  <controlfield tag="001">   02029687 </controlfield>
  <controlfield tag="003">DLC</controlfield>
  <controlfield tag="005">20030930072543.0</controlfield>
  <controlfield tag="008">860205s1889    nyua          000 0 eng  </controlfield>
  <datafield tag="010" ind1=" " ind2=" ">
    <subfield code="a">   02029687 </subfield>
  </datafield>
  <datafield tag="035" ind1=" " ind2=" ">
    <subfield code="a">(OCoLC)13109691</subfield>
  </datafield>
  <datafield tag="040" ind1=" " ind2=" ">
    <subfield code="a">DLC</subfield>
    <subfield code="c">PPiU</subfield>
    <subfield code="d">DLC</subfield>
  </datafield>
  <datafield tag="050" ind1="0" ind2="0">
    <subfield code="a">QA103</subfield>
    <subfield code="b">.S8668</subfield>
  </datafield>
  <datafield tag="100" ind1="1" ind2=" ">
    <subfield code="a">Stoddard, John F.</subfield>
    <subfield code="q">(John Fair),</subfield>
    <subfield code="d">1825-1873.</subfield>
  </datafield>
  <datafield tag="240" ind1="1" ind2="0">
    <subfield code="a">New intellectual arithmetic.</subfield>
    <subfield code="f">1889 (Sheldon &amp; Co.)</subfield>
  </datafield>
  <datafield tag="245" ind1="1" ind2="0">
    <subfield code="a">Stoddard&apos;s New intellectual arithmetic :</subfield>
    <subfield code="b">containing an extensive collection of practical questions on the general principles of arithmetic ... /</subfield>
    <subfield code="c">by John F. Stoddard.</subfield>
  </datafield>
  <datafield tag="260" ind1=" " ind2=" ">
    <subfield code="a">New York :</subfield>
    <subfield code="b">Sheldon &amp; Company,</subfield>
    <subfield code="c">c1889.</subfield>
  </datafield>
  <datafield tag="300" ind1=" " ind2=" ">
    <subfield code="a">v, 186 p. :</subfield>
    <subfield code="b">ill. ;</subfield>
    <subfield code="c">19 cm.</subfield>
  </datafield>
  <datafield tag="500" ind1=" " ind2=" ">
    <subfield code="a">On cover: Sheldon&apos;s series.</subfield>
  </datafield>
  <datafield tag="650" ind1=" " ind2="0">
    <subfield code="a">Mental arithmetic.</subfield>
  </datafield>
</record>
